<?xml version="1.0" encoding="UTF-8"?><record xmlns="http://www.loc.gov/MARC21/slim" xmlns:cinclude="http://apache.org/cocoon/include/1.0" xmlns:zs="http://www.loc.gov/zing/srw/">
  <leader>00512nz  a2200145n  4500</leader>
  <controlfield tag="001">no2005055875</controlfield>
  <controlfield tag="003">DLC</controlfield>
  <controlfield tag="005">20050617052222.0</controlfield>
  <controlfield tag="008">050615n| acannaabn          |a aaa     c</controlfield>
  <datafield tag="010" ind1=" " ind2=" ">
    <subfield code="a">no2005055875</subfield>
  </datafield>
  <datafield tag="035" ind1=" " ind2=" ">
    <subfield code="a">(OCoLC)oca06658599</subfield>
  </datafield>
  <datafield tag="040" ind1=" " ind2=" ">
    <subfield code="a">MoSU-L</subfield>
    <subfield code="b">eng</subfield>
    <subfield code="c">MoSU-L</subfield>
  </datafield>
  <datafield tag="100" ind1="1" ind2=" ">
    <subfield code="a">Osajda, Konrad</subfield>
  </datafield>
  <datafield tag="400" ind1="1" ind2=" ">
    <subfield code="a">Osajda, K.</subfield>
    <subfield code="q">(Konrad)</subfield>
  </datafield>
  <datafield tag="670" ind1=" " ind2=" ">
    <subfield code="a">Testamenty wspoĚlne, 2005:</subfield>
    <subfield code="b">t.p. (Konrad Osajda) cover p. 4 (doktorant w Instytucie Prawa Cywilnego WydziaĹu Prawa i Administracji Uniwersytetu Warszawskiego) spine (K. Osajda)</subfield>
  </datafield>
</record>